%% LaTeX2e file `interim.bib'
%% generated by the `filecontents' environment
%% from source `interim' on 2024/11/12.
%%
    %[1] (\cite{peteghem2010})
    @article{peteghem2010,
        title = {A genetic algorithm for the preemptive and non-preemptive multi-mode resource-constrained project scheduling problem},
        journal = {European Journal of Operational Research},
        volume = {201},
        number = {2},
        pages = {409-418},
        year = {2010},
        issn = {0377-2217},
        doi = {https://doi.org/10.1016/j.ejor.2009.03.034},
        url = {https://www.sciencedirect.com/science/article/pii/S037722170900191X},
        author = {Vincent Van Peteghem and Mario Vanhoucke}
    }
    %[2] (\cite{golmohammadi2015})
    @article{golmohammadi2015,
        title = {A study of scheduling under the theory of constraints},
        journal = {International Journal of Production Economics},
        volume = {165},
        pages = {38-50},
        year = {2015},
        issn = {0925-5273},
        doi = {https://doi.org/10.1016/j.ijpe.2015.03.015},
        url = {https://www.sciencedirect.com/science/article/pii/S0925527315000833},
        author = {Davood Golmohammadi}
    }
    %[3] (\cite{bofill2022})
    @article{bofill2022,
        title = {Constraint Solving Approaches to the Business-to-Business Meeting Scheduling Problem},
        journal = {Journal of Artificial Intelligence Research },
        volume = {74},
        pages = {263-301},
        year = {2022},
        doi = {https://doi.org/10.1613/jair.1.12670},
        url = {https://dl.acm.org/doi/pdf/10.1613/jair.1.12670},
        author = {Bofill,M. and Coll,C. and Garcia,M. and Giraldez-Cru,J. and Pesant,G. and Suy,J. and Villaret,M.}
    }
    %[4] (\cite{enembreck2012})
    @article{enembreck2012,
        title = {Distributed constraint optimization with MULBS: A case study on collaborative meeting scheduling},
        journal = {Journal of Network and Computer Applications},
        volume = {35},
        number = {1},
        pages = {164-175},
        year = {2012},
        note = {Collaborative Computing and Applications},
        issn = {1084-8045},
        doi = {https://doi.org/10.1016/j.jnca.2011.02.016},
        url = {https://www.sciencedirect.com/science/article/pii/S1084804511000543},
        author = {Fabrício Enembreck and Jean-Paul {André Barthès}}
    }
    %[5] (\cite{abuwarda2016})
    @article{abuwarda2016,
        title = {Work-Package Planning and Schedule Optimization for Projects with Evolving Constraints},
        journal = {Journal of Computing in Civil Engineering},
        volume = {30},
        number = {6},
        pages = {04016022},
        year = {2016},
        doi = {10.1061/(ASCE)CP.1943-5487.0000587},
        URL = {https://ascelibrary.org/doi/abs/10.1061/\%28ASCE\%29CP.1943-5487.0000587},
        author = {Zinab Abuwarda and Tarek Hegazy}
    }

    %[6] (\cite{marijn2011})
    @InProceedings{marijn2011,
        author = {Heule, Marijn J. H. and Kullmann, Oliver and Wieringa, Siert and Biere, Armin},
        editor = {Eder, Kerstin and Louren{\c{c}}o, Jo{\~a}o and Shehory, Onn},
        title = {Cube and Conquer: Guiding CDCL SAT Solvers by Lookaheads},
        booktitle = {Hardware and Software: Verification and Testing},
        year = {2012},
        publisher = {Springer Berlin Heidelberg},
        address = {Berlin, Heidelberg},
        pages = {50-65},
        volume = {7261},
        isbn = {978-3-642-34187-8},
        doi = {10.1007/978-3-642-34188-5_8}
    }
    %[7] (\cite{florian2009})
    @article{florian2009,
        author = {Berger, Florian and Klein, Rolf and Nussbaum, Doron and Sack, J\"{o}rg-R\"{u}diger and Yi, Jiehua},
        title = {A meeting scheduling problem respecting time and space},
        year = {2009},
        issue_date = {December  2009},
        publisher = {Kluwer Academic Publishers},
        address = {USA},
        volume = {13},
        number = {4},
        issn = {1384-6175},
        url = {https://doi.org/10.1007/s10707-008-0053-4},
        doi = {10.1007/s10707-008-0053-4},
        journal = {Geoinformatica},
        pages = {453-481}
    }
    %[8] (\cite{takuotsuruta})
    @article{takuotsuruta,
        author = {Takuo Tsuruta and Toramatsu Shintani},
        title = {Scheduling Meetings using Distributed Valued Constraint Satisfaction Algorithm}
    }
    %[9] (\cite{vincent2010})
    @article{vincent2010,
        author = {Peteghem, Vincent and Vanhoucke, Mario},
        year = {2010},
        month = {03},
        pages = {409-418},
        title = {A genetic algorithm for the preemptive and non-preemptive multi-mode resource-constrained project scheduling problem},
        volume = {201},
        journal = {European Journal of Operational Research},
        doi = {10.1016/j.ejor.2009.03.034}
    }
    %[10] (\cite{jiongzhi2024})
    @misc{jiongzhi2024,
        title={Rethinking the Soft Conflict Pseudo Boolean Constraint on MaxSAT Local Search Solvers},
        author={Jiongzhi Zheng and Zhuo Chen and Chu-Min Li and Kun He},
        year={2024},
        eprint={2401.10589},
        archivePrefix={arXiv},
        primaryClass={cs.AI},
        url={https://arxiv.org/abs/2401.10589}
    }
    %[10] (\cite{andrei2022})
    @article{andrei2022,
        title = {An overview of machine learning techniques in constraint solving},
        author = {Andrei Popescu and {Polat Erdeniz}, Seda and Alexander Felfernig and Mathias Uta and M{\"u}sl{\"u}m Atas and Le, {Viet Man} and Klaus Pilsl and Martin Enzelsberger and Trang Tran},
        year = {2022},
        doi = {10.1007/s10844-021-00666-5},
        volume = {58},
        pages = {91-118},
        journal = {Journal of Intelligent Information Systems},
        issn = {0925-9902},
        publisher = {Springer International Publishing AG},
        number = {1}
    }


