%% LaTeX2e file `definition.bib'
%% generated by the `filecontents' environment
%% from source `definition' on 2025/03/05.
%%
    % (\cite{bofill2022})
    @article{bofill2022,
        title = {Constraint Solving Approaches to the Business-to-Business Meeting Scheduling Problem},
        journal = {Journal of Artificial Intelligence Research },
        volume = {74},
        pages = {263-301},
        year = {2022},
        doi = {https://doi.org/10.1613/jair.1.12670},
        url = {https://dl.acm.org/doi/pdf/10.1613/jair.1.12670},
        author = {Bofill,M. and Coll,C. and Garcia,M. and Giraldez-Cru,J. and Pesant,G. and Suy,J. and Villaret,M.}
    }
    % (\cite{britannica_np})
    @article{britannica_np,
     title = {{P} versus {N}{P} problem | {C}omplexity {T}heory \& {A}lgorithmic {S}olutions | {B}ritannica --- britannica.com},
     url = {\url{https://www.britannica.com/science/P-versus-NP-problem}},
     author = {William L. Hosch},
        year = {2024},
     note = {[Accessed 29-01-2025]},
    }
    % (\cite{pfleeger1996chapter3})
    @incollection{pfleeger1996chapter3,
        author = {Charles P. Pfleeger},
        title = {Chapter 3: Security encryption systems},
        booktitle = {Security in Computing, Second Edition},
        editor = {Charles P. Pfleeger},
        publisher = {Prentice Hall},
        year = {1996},
        chapter = {3},
        edition = {2},
        address = {Upper Saddle River, NJ},
        pages = {69--76},
        isbn = {9780133374865}
    }
    % (\cite{Thejana2025CircuitResultAnalysis})
    @misc{Thejana2025CircuitResultAnalysis,
        author = {Thejana Akmeemana},
        title = {Circuit Result Analysis Data Set},
        year = {2025},
        url = {https://github.com/Thejana-A/IS-4101-git/blob/master/latex/CircuitResultAnalysis_DataSet},
        note = {Accessed: 2025-02-07}
    }
    % (\cite{Thejana2025sympy_solver})
    @misc{Thejana2025sympy_solver,
        author = {Thejana Akmeemana},
        title = {sympy\_solver.py},
        year = {2025},
        url = {https://github.com/Thejana-A/IS-4101-git/blob/master/python_code/BOOLEAN_SOLVERS/sympy_solver/final_version/sympy_solver.py},
        note = {Accessed: 2025-02-07}
    }
    % (\cite{uow168693})
    @misc{uow168693,
        author = {University of Wollongong},
        title = {Permutations \& Combinations HSC Revision},
        year = {2025},
        url = {https://documents.uow.edu.au/content/groups/public/@web/@eis/@maas/documents/mm/uow168693.pdf},
        note = {Accessed: 2025-02-26}
    }
    % (\cite{newcastle_permutations_combinations})
    @misc{newcastle_permutations_combinations,
        author = {University of Newcastle},
        title = {Permutations and Combinations},
        year = {2021},
        url = {https://www.newcastle.edu.au/__data/assets/pdf_file/0004/819139/Permutations-and-Combinations.pdf},
        note = {Accessed: 2025-02-26}
    }
    % (\cite{guichard2025combinatorics})
    @misc{guichard2025combinatorics,
        author = {David Guichard},
        title = {An Introduction to Combinatorics and Graph Theory},
        year = {2025},
        url = {https://www.whitman.edu/mathematics/cgt_online/cgt.pdf}
    }
    % (\cite{hosch2025stirlings})
    @online{hosch2025stirlings,
        author    = {William L. Hosch},
        title     = {Stirling's formula},
        year      = {2025},
        url       = {https://www.britannica.com/science/Stirlings-formula},
        note      = {Encyclopædia Britannica},
        publisher = {Encyclopædia Britannica, Inc.},
        lastupdate= {2025-02-17}
    }

