%% LaTeX2e file `proposal.bib'
%% generated by the `filecontents' environment
%% from source `proposal' on 2024/06/16.
%%
    %[1] (\cite{jo2021})
    @article{jo2021,
        author = {Jo,J. and Chae,Y. and Jang,H. and Kong,J.},
        title = {Federated-Access Management System and Videoconferencing Applications: Results from a Pilot Service during COVID-19 Pandemic},
        journal = {Multidisciplinary Digital Publishing Institute (MDPI)},
        pages = {1--19},
        year = {2021},
        volume = {Electronics 2021,10, 2239},
        DOI = {https://doi.org/10.3390/electronics10182239},
        url = {https://www.researchgate.net/publication/354545424_Federated-Access_Management_System_and_Videoconferencing_Applications_Results_from_a_Pilot_Service_during_COVID-19_Pandemic}
    }
    %[2] (\cite{bispham2021})
    @article{bispham2021,
        author = {Bispham,M.K. and Creese,S. and Dutton,W.H. and Esteve-Gonzalez,P. and Goldsmith,M.},
        title = {Cybersecurity in Working from Home: An Exploratory Study},
        journal = {SSRN Electronic Journal},
        pages = {1--43},
        year = {2021},
        volume = {January 2021},
        DOI = {https://doi.org/10.2139/ssrn.3897380},
        url = {https://www.researchgate.net/publication/353661008_Cybersecurity_in_Working_from_Home_An_Exploratory_Study}
    }
    %[3] (\cite{ozer2024})
    @article{ozer2024,
        author = {Ozer,M. and Kose,Y. and Kucukkaya,G. and Varlioglu,E.R.},
        title = {The Shifting Landscape of Cybersecurity: The Impact of Remote Work and COVID-19 on Data Breach Trends},
        journal = {IEEE Computer Science and Computer Engineering (CSCE)},
        year = {2024},
        url = {https://arxiv.org/html/2402.06650v2}
    }
    %[4] (\cite{salloum2021})
    @article{salloum2021,
        author = {Salloum,S. and Gaber,T. and Vadera,S. and Shaalan,K.},
        title = {Phishing Email Detection Using Natural Language Processing Techniques: A Literature Survey},
        journal = {Procedia Computer Science},
        pages = {19--28},
        year = {2021},
        volume = {189},
        DOI = {https://doi.org/10.1016/j.procs.2021.05.077},
        url = {https://www.sciencedirect.com/science/article/pii/S1877050921011741}
    }
    %[5] (\cite{jennings2021})
    @article{jennings2021,
        author = {Jennings,R.},
        title = {Zoom #fails grow: 530,000 passwords leaked, details for sale by hacker},
        journal = {TechBeacon},
        year = {2021},
        url = {https://techbeacon.com/security/zoom-fails-grow-530000-passwords-leaked-details-sale-hacker}
    }
    %[6] (\cite{condeco2024})
    @article{condeco2024,
        title = {How to Decide Who Should Attend Your Meeting?},
        journal = {Condeco},
        year = {2024},
        url = {https://www.cnbc.com/2021/08/01/zoom-reaches-85-million-settlement-over-user-privacy-and-hacker-zoombombing.html}
    }
    %[7] (\cite{golkarnarenji2012})
    @article{golkarnarenji2012,
        author = {Golkarnarenji,G. and Ali,U.},
        title = {Unified Communications Security : A study of IT personnel awareness on video conferencing security recommendations},
        journal = {Department of Computer science, Electrical and Space Engineering, Lulea University of Technology},
        pages = {1--114},
        year = {2012},
        url = {https://www.academia.edu/3056220/Unified_Communications_Security_A_study_of_IT_personnel_awareness_on_video_conferencing_security_recommendations}
    }
    %[8] (\cite{culafi2023})
    @article{culafi2023,
        author = {Culafi,A.},
        title = {Microsoft AI researchers mistakenly expose 38 TB of data},
        journal = {TechTarget},
        year = {2023},
        url = {https://www.techtarget.com/searchsecurity/news/366552399/Microsoft-AI-researchers-mistakenly-expose-38-TB-of-data}
    }
    %[9] (\cite{kumar2017})
    @article{kumar2017,
        author = {Kumar,S. and Mahajan,R. and Kumar,N. and Khatri,S.K.},
        title = {A study on web application security and detecting security vulnerabilities},
        journal = {IEEE},
        pages = {451-455},
        year = {2017},
        volume = {09},
        DOI = {https://doi.org/10.1109/ICRITO.2017.8342469},
        url = {https://ieeexplore.ieee.org/document/8342469}
    }
    %[10] (\cite{karl2021})
    @article{karl2021,
        author = {Karl,K.A. and Peluchette,J.V. and Aghakhani,N.},
        title = {Virtual Work Meetings During the COVID-19 Pandemic: The Good, Bad, and Ugly},
        journal = {Sage},
        pages = {343-365},
        year = {2021},
        volume = {53(3)},
        DOI = {https://doi.org/10.1177/10464964211015286},
        url = {https://journals.sagepub.com/doi/full/10.1177/10464964211015286}
    }
    %[11] (\cite{hasan2021})
    @article{hasan2021,
        author = {Hasan,R. and Hasan,R.},
        title = {Towards a Threat Model and Security Analysis of Video Conferencing Systems},
        journal = {IEEE Consumer Communications & Networking Conference (CCNC)},
        pages = {1-4},
        year = {2021},
        volume = {01},
        DOI = {https://doi.org/10.1109/CCNC49032.2021.9369505},
        url = {https://www.researchgate.net/publication/349994212_Towards_a_Threat_Model_and_Security_Analysis_of_Video_Conferencing_Systems}
    }
    %[12] (\cite{isobe2021})
    @article{isobe2021,
        author = {Isobe,T. and Ito,R.},
        title = {Security Analysis of End-to-End Encryption for Zoom Meetings},
        journal = {IEEE Access},
        pages = {90677-90689},
        year = {2021},
        volume = {09},
        DOI = {https://doi.org/10.1109/ACCESS.2021.3091722},
        url = {https://ieeexplore.ieee.org/document/9462825?denied=}
    }
    %[13] (\cite{arishina2022})
    @article{arishina2022,
        author = {Arishina,Y. and Hu,Y.F. and Hoppa,M.A.},
        title = {A Study of Video ConferencingSoftware Risks and Mitigation Strategies},
        journal = {Journal of The Colloquium for Information Systems Security Education},
        pages = {1-10},
        year = {2022},
        volume = {09},
        DOI = {https://doi.org/10.53735/cisse.v9i1.134},
        url = {https://cisse.info/journal/index.php/cisse/article/view/134/134}
    }
    %[14] (\cite{tondel2022})
    @article{tondel2022,
        author = {Tondel,I.A. and Cruzes,D.S.},
        title = {Continuous software security through security prioritisation meetings},
        journal = {Elsevier},
        pages = {1-25},
        year = {2022},
        volume = {194},
        DOI = {https://doi.org/10.1016/j.jss.2022.111477},
        url = {https://www.sciencedirect.com/science/article/pii/S0164121222001625}
    }
